@inproceedings{YG2020,
  author    = {Nobuko Yoshida and Lorenzo Gheri},
  title     = {{A Very Gentle Introduction to Multiparty Session Types}},
  booktitle = {16th International Conference on Distributed Computing and Internet Technology},
  series    = {LNCS},
  volume    = {11969},
  pages     = {73--93},
  publisher = {Springer},
  doi       = {10.1007/978-3-030-36987-3_5},
  year      = 2020
}
@article{Dustdar05asurvey,
  author  = {Schahram Dustdar and Wolfgang Schreiner},
  title   = {A Survey on Web Services Composition},
  journal = {INTERNATIONAL JOURNAL ON WEB AND GRID SERVICES},
  year    = {2005},
  volume  = {1},
  number  = {1},
  pages   = {1--30}
}